@preamble{ "\newcommand{\noopsort}[1]{} "
	# "\newcommand{\printfirst}[2]{#1} "
	# "\newcommand{\singleletter}[1]{#1} "
	# "\newcommand{\switchargs}[2]{#2#1} " }


@article{hardy,
   author = "Hardy, G. H.",
   title = "A Mathematician's Apology.",
  publisher = "University of Alberta Mathematical Sciences Society ",
   year =1940,
}

@inproceedings{alice,
author="Conway S. Audie, M. Burnette T. Cosgrove D. and Christiansen K.",
 title="Alice: lessons learned from building a 3D system for novices.",
 booktitle=" CHI, ACM,",
  Address = "The Hague, The Netherlands",
  year = 2000,
  }
  
  @inproceedings{kidCAD,
author="Follmer, S. and Ishii, H.",
 title="KidCAD: digitally remixing toys through tangible tools. ",
 booktitle=" CHI, ACM,",
  Address = "Austin, Texas",
  year = 2012,
  }
  
    @inproceedings{kidCAD,
author="Follmer, S. and Ishii, H.",
 title="KidCAD: digitally remixing toys through tangible tools. ",
 booktitle=" CHI, ACM,",
  Address = "Austin, Texas",
  year = 2012,
  }


 @inproceedings{flatcad,
author="Johnson, G.",
 title="FlatCAD and FlatLang: Kits by code",
 booktitle=" VL/HCC, IEEE,",
  Address = "Herrsching am Ammersee, Germany",
  year = 2008,
  }

@book{papert,
author= "Papert, S.",
title=" Mindstorms: Children, Computers, and Powerful Ideas.",
 publisher = "BasicBooks",
 address =  "New York",
 year = 1980,
 }
 
 @misc{processing,
title="Processing. ",
year = 2001,
howpublished= {\url{ http://www.processing.cc.}},
note ="(Accessed: 06/3/2013)",
}

@inproceedings{resnick2,
   author = "Resnick M. Maloney J. Monroy-Hernández A. Rusk N. and others",
   title = "Scratch: programming for all.",
   booktitle = "Communications of the ACM",
   year = 2009,
}

    @inproceedings{sketchchair,
author="Saul G. Lau M. Mitani J. and Igarashi T.",
 title=" SketchChair: an all-in-one chair design system for end users.",
 booktitle=" TEI, ACM",
  Address = "Funchal, Portugal",
  year = 2011,
  }

  @inproceedings{spatialsketch,
author="Willis K.D. Lin J. Mitani J. and Igarashi T.",
 title=" Spatial Sketch: bridging between movement and fabrication",
 booktitle="TEI, AMC",
  Address = "Zadar, Croatia",
  year = 2010,
  }


  @inproceedings{spirogator,
author="Hooper, P. and Freed, N.",
 title=" The Spiro Inquiry: exploring the application of an inquiry structure for learning science content to teaching with a digital design fabrication tool",
 booktitle=" IDC, AMC",
  Address = "New York",
  year = 2013,
  }


@book{DesignScript,
   author = "R. Aish.",
   title = "DesignScript: origins, explanation, illustration.",
   booktitle = "Computational Design Modeling",
  publisher = "Springer ",
  pages="1–8",
   year =2012,
}

@book{gershenfeld,
   author = "Gershenfeld, N.",
   title = "FAB: The Coming Revolution on Your Desktop–From Personal Computers to Personal Fabrication",
  publisher = "Basic Books ",
  address="New York",
   year =2005,
}

@book{mateas,
author="Mateas, M",
 year=2008,
 title="Procedural literacy: educating the new media practitioner",
 booktitle="Beyond Fun" ,
 editor="Davidson D.",
 publisher="ETC Press",
  address="Pittsburgh, PA",
  }

@inproceedings{resnick1,
   author = "Resnick M. and Silverman B.",
   title = "Some reflections on designing construction kits for kids.",
   booktitle = "Proceedings of the 2005 Conference on Interaction Design and Children",
   year = 2005,
}

@inproceedings{lipson,
author  = "lipson",
}


@book{reas,
  author = "Reas N., McWilliams C, LUST",
   title = "Form and Code: In Design, Art and Architecture, A Guide to Computational Aesthetics",
   publisher = "Princeton Architectural Press",
     year = 2010,
  }
  
  @book{deBerg,
 author = "De Berg, M.",
 title=  "Computational Geometry: Algorithms and Applications",
 note="Third Edition",
 publisher="Springer-Verlag",
 address="Berlin,Germany", 
 year=2010,
 }
  
  
  @misc{instructables_lamp_1,
  	title= "How to make a laser cut lamp.",
	publisher = "Instructables.com",
	month=Nov,
	year = 2007,
	howpublished={\url{http://www.instructables.com/id/How-to-make-a-laser-cut-lamp}},
	note ="(Accessed: 05/25/2013)"
}

 
  @misc{herpen,
  	title= "About, Iris Van Herpen",
	publisher = "Iris Van Herpen",
	year = 2013,
	howpublished={\url{http://www.irisvanherpen.com/about#collections}},
	note ="(Accessed: 05/29/2013)"
}

  @misc{DressCodeWiki,
  	title= "DressCode Wiki.",
	author="me",
	year = 2013,
	howpublished={\url{http://jacobsj.scripts.mit.edu/dresscode/}},
	note ="(Accessed: 05/29/2013)"
}

  @misc{pavilion,
  	title= "Silk Pavillion.",
	author = "Oxman N. Kayser M. Laucks J. David Gonzalez Uribe C. Duro-Royo J.",
	publisher = "Mediated Matter Research Group, MIT Media Lab",
	year = 2013,
	howpublished={\url{http://matter.media.mit.edu/environments/details/silk-pavillion}},
	note ="(Accessed: 05/29/2013)"
}

@misc{openscad,
	title= "OpenSCAD - About",
	year = 2013,
	howpublished={\url{http://www.openscad.org/about.html}},
	note ="(Accessed: 06/3/2013)",
	}

@misc{tinkercad,
	title="Tinkercad",
	year =  2012,
	 howpublished = {\url{http://tinkercad.com.}},
	 note ="(Accessed: 06/3/2013)",

}
@misc{turtleart,
	title="Turtle Art",
          howpublished = {\url{http://turtleart.org.}},
	 note ="(Accessed: 06/1/2013)",

}


@misc{sketchup,
}

@misc{designblocks,
title="DesignBlocks. ",
year = 2009,
howpublished= {\url{http://www.designblocks.net.}},
note ="(Accessed: 06/3/2013)",
}

@misc{sketchit,
title="Sketch It, Make It. ",
author="Johnson, G.",
year = 2012,
howpublished= {\url{http://sketchitmakeit.com.}},
note ="(Accessed: 06/3/2013)",
}


@misc{instructables_lamp,
title="How to make a laser cut lamp",
author="instructables.com",
howpublished={\url{http://www.instructables.com/id/How-to-make-a-laser-cut-lamp/}},
year=2007,
note ="(Accessed: 06/4/2013)",
}






